@article{schillings2017analysis,
  title={Analysis of the ensemble Kalman filter for inverse problems},
  author={Schillings, Claudia and Stuart, Andrew M},
  journal={SIAM Journal on Numerical Analysis},
  volume={55},
  number={3},
  pages={1264--1290},
  year={2017},
  publisher={SIAM}
}

@article{iglesias2013ensemble,
  title={Ensemble Kalman methods for inverse problems},
  author={Iglesias, Marco A and Law, Kody JH and Stuart, Andrew M},
  journal={Inverse Problems},
  volume={29},
  number={4},
  pages={045001},
  year={2013},
  publisher={IOP Publishing}
}